<record><leader>00000cas a22000007a 4500</leader><controlfield tag="001">12046127</controlfield><controlfield tag="008">850517d19031914nyuwr ne      0    0eng d</controlfield><datafield ind1=" " ind2=" " tag="010"><subfield code="a">sn 85054486 </subfield></datafield><datafield ind1=" " ind2=" " tag="040"><subfield code="a">NYG</subfield><subfield code="b">eng</subfield><subfield code="c">NYG</subfield><subfield code="d">NYS</subfield><subfield code="d">OCLCQ</subfield></datafield><datafield ind1=" " ind2=" " tag="042"><subfield code="a">msc</subfield></datafield><datafield ind1="0" ind2=" " tag="130"><subfield code="a">Weekly advertiser (Elmira, N.Y.)</subfield></datafield><datafield ind1="1" ind2="4" tag="245"><subfield code="a">The weekly advertiser.</subfield></datafield><datafield ind1="1" ind2="3" tag="246"><subfield code="a">Elmira advertiser</subfield></datafield><datafield ind1="1" ind2="7" tag="246"><subfield code="a">Elmira weekly advertiser</subfield></datafield><datafield ind1=" " ind2=" " tag="260"><subfield code="a">Elmira, N.Y. :</subfield><subfield code="b">Elmira Advertiser Association,</subfield><subfield code="c">1903-1914.</subfield></datafield><datafield ind1=" " ind2=" " tag="300"><subfield code="a">v.</subfield></datafield><datafield ind1=" " ind2=" " tag="310"><subfield code="a">Weekly</subfield></datafield><datafield ind1="0" ind2=" " tag="362"><subfield code="a">Vol. 50, no. 1 (Jan. 2, 1903)-v. 61, no. 52 (Dec. 31, 1914).</subfield></datafield><datafield ind1=" " ind2=" " tag="530"><subfield code="a">Available on microfilm from Micro Photo Division, Bell and Howell.</subfield></datafield><datafield ind1=" " ind2=" " tag="580"><subfield code="a">Daily ed.: Elmira advertiser (Elmira, N.Y. : 1897).</subfield></datafield><datafield ind1=" " ind2="4" tag="651"><subfield code="a">Elmira (N.Y.)</subfield><subfield code="v">Newspapers.</subfield></datafield><datafield ind1=" " ind2=" " tag="752"><subfield code="a">United States</subfield><subfield code="b">New York</subfield><subfield code="c">Chemung</subfield><subfield code="d">Elmira.</subfield></datafield><datafield ind1="1" ind2=" " tag="775"><subfield code="t">Elmira advertiser (Elmira, N.Y. : 1897)</subfield><subfield code="w">(DLC)sn 85054121</subfield></datafield><datafield ind1="0" ind2="0" tag="780"><subfield code="t">Semi-weekly advertiser (Elimra, N.Y.)</subfield><subfield code="w">(DLC)sn 85054485</subfield></datafield><datafield ind1="1" ind2=" " tag="029"><subfield code="a">AU@</subfield><subfield code="b">000020380705</subfield></datafield></record>